/home/acmt/Documentos/bibtex/library.bib